<?xml version="1.0" encoding="UTF-8"?><record xmlns="http://www.loc.gov/MARC21/slim" xmlns:cinclude="http://apache.org/cocoon/include/1.0" xmlns:zs="http://www.loc.gov/zing/srw/">
  <leader>00462nz  a2200133n  4500</leader>
  <controlfield tag="001">no 95052824 </controlfield>
  <controlfield tag="003">DLC</controlfield>
  <controlfield tag="005">19951108081032.9</controlfield>
  <controlfield tag="008">951107n| acannaab|          |n ana     a</controlfield>
  <datafield tag="010" ind1=" " ind2=" ">
    <subfield code="a">no 95052824 </subfield>
  </datafield>
  <datafield tag="035" ind1=" " ind2=" ">
    <subfield code="a">(OCoLC)oca03953869 </subfield>
  </datafield>
  <datafield tag="040" ind1=" " ind2=" ">
    <subfield code="a">DNAL</subfield>
    <subfield code="c">DNAL</subfield>
  </datafield>
  <datafield tag="110" ind1="2" ind2="0">
    <subfield code="a">Potash &amp; Phosphate Institute of Canada.</subfield>
    <subfield code="b">India Programme</subfield>
  </datafield>
  <datafield tag="670" ind1=" " ind2=" ">
    <subfield code="a">Plant nutrition effects on production and quality of tobacco, 1993:</subfield>
    <subfield code="b">t.p. (Potash &amp; Phosphate Institute of Canada, India Programme)</subfield>
  </datafield>
</record>